@ARTICLE{2014ARA&A..52..415M,
       author = {{Madau}, Piero and {Dickinson}, Mark},
        title = "{Cosmic Star-Formation History}",
      journal = {\araa},
     keywords = {Astrophysics - Cosmology and Nongalactic Astrophysics},
         year = "2014",
        month = "Aug",
       volume = {52},
        pages = {415-486},
          doi = {10.1146/annurev-astro-081811-125615},
archivePrefix = {arXiv},
       eprint = {1403.0007},
 primaryClass = {astro-ph.CO},
       adsurl = {https://ui.adsabs.harvard.edu/abs/2014ARA&A..52..415M},
      adsnote = {Provided by the SAO/NASA Astrophysics Data System}
}

@ARTICLE{Whitmore1993,
       author = {{Whitmore}, Bradley C. and {Gilmore}, Diane M. and {Jones}, Christine},
        title = "{What Determines the Morphological Fractions in Clusters of Galaxies?}",
      journal = {\apj},
     keywords = {Elliptical Galaxies, Galactic Clusters, Spiral Galaxies, Astronomical Models, Galactic Evolution, Galactic Structure, X Ray Astronomy, Astrophysics, GALAXIES: CLUSTERING, GALAXIES: FUNDAMENTAL PARAMETERS},
         year = "1993",
        month = "Apr",
       volume = {407},
        pages = {489},
          doi = {10.1086/172531},
       adsurl = {https://ui.adsabs.harvard.edu/abs/1993ApJ...407..489W},
      adsnote = {Provided by the SAO/NASA Astrophysics Data System}
}


@ARTICLE{Dressler1980.catalogo,
       author = {{Dressler}, A.},
        title = "{A catalog of morphological types in 55 rich clusters of galaxies}",
      journal = {\apjs},
     keywords = {Astronomical Catalogs, Astronomical Photometry, Galactic Clusters, Data Reduction, Galactic Structure, Magnitude, Morphology, Red Shift, Astronomy},
         year = "1980",
        month = "Apr",
       volume = {42},
        pages = {565-609},
          doi = {10.1086/190663},
       adsurl = {https://ui.adsabs.harvard.edu/abs/1980ApJS...42..565D},
      adsnote = {Provided by the SAO/NASA Astrophysics Data System}
}


@ARTICLE{Dressler1980,
       author = {{Dressler}, A.},
        title = "{Galaxy morphology in rich clusters: implications for the formation and evolution of galaxies.}",
      journal = {\apj},
     keywords = {Elliptical Galaxies, Galactic Clusters, Galactic Evolution, Galactic Structure, Spiral Galaxies, Astronomical Maps, Density Distribution, Interstellar Gas, Telescopes, Universe, X Ray Astronomy, Astrophysics},
         year = "1980",
        month = "Mar",
       volume = {236},
        pages = {351-365},
          doi = {10.1086/157753},
       adsurl = {https://ui.adsabs.harvard.edu/abs/1980ApJ...236..351D},
      adsnote = {Provided by the SAO/NASA Astrophysics Data System}
}

@ARTICLE{Abell1965,
       author = {{Abell}, G.~O.},
        title = "{Clustering of Galaxies}",
      journal = {\araa},
         year = "1965",
        month = "Jan",
       volume = {3},
        pages = {1},
          doi = {10.1146/annurev.aa.03.090165.000245},
       adsurl = {https://ui.adsabs.harvard.edu/abs/1965ARA&A...3....1A},
      adsnote = {Provided by the SAO/NASA Astrophysics Data System}
}


@ARTICLE{Morgan1961,
       author = {{Morgan}, W.~W.},
        title = "{The Classification of Clusters of Galaxies}",
      journal = {Proceedings of the National Academy of Science},
         year = "1961",
        month = "Jul",
       volume = {47},
       number = {7},
        pages = {905-906},
          doi = {10.1073/pnas.47.7.905},
       adsurl = {https://ui.adsabs.harvard.edu/abs/1961PNAS...47..905M},
      adsnote = {Provided by the SAO/NASA Astrophysics Data System}
}

@INPROCEEDINGS{Yee1984,
       author = {{Yee}, H.~K.~C. and {Green}, R.~F.},
        title = "{Properties of Groups and Clusters of Galaxies Associated with Quasars}",
    booktitle = {Clusters and Groups of Galaxies},
         year = "1984",
       editor = {{Mardirossian}, F. and {Giuricin}, G. and {Mezzetti}, M.},
       series = {Astrophysics and Space Science Library},
       volume = {111},
        month = "Jan",
        pages = {583},
          doi = {10.1007/978-94-009-6412-9_99},
       adsurl = {https://ui.adsabs.harvard.edu/abs/1984ASSL..111..583Y},
      adsnote = {Provided by the SAO/NASA Astrophysics Data System}
}


@ARTICLE{Lynden-Bell1971,
       author = {{Lynden-Bell}, D.},
        title = "{A method of allowing for known observational selection in small samples applied to 3CR quasars}",
      journal = {\mnras},
         year = "1971",
        month = "Jan",
       volume = {155},
        pages = {95},
          doi = {10.1093/mnras/155.1.95},
       adsurl = {https://ui.adsabs.harvard.edu/abs/1971MNRAS.155...95L},
      adsnote = {Provided by the SAO/NASA Astrophysics Data System}
}


@ARTICLE{Choloniewski1986,
       author = {{Choloniewski}, Jacek},
        title = "{New method for the determination of the luminosity function of galaxies}",
      journal = {\mnras},
     keywords = {Galaxies, Luminosity, Nonparametric Statistics, Virgo Galactic Cluster, Astrophysics},
         year = "1986",
        month = "Nov",
       volume = {223},
        pages = {1-9},
          doi = {10.1093/mnras/223.1.1},
       adsurl = {https://ui.adsabs.harvard.edu/abs/1986MNRAS.223....1C},
      adsnote = {Provided by the SAO/NASA Astrophysics Data System}
}

@BOOK{Taverna,
       author = {{Taverna}, Zandivarez},
        title = "{Funcion de luminosidad de galaxias a partir de corrimientos al rojo fotometricos}",
         year = "2014",
       adsurl = {},
      adsnote = {}
}


@BOOK{Elmegreen,
       author = {{Elmegreen}, Debra Meloy},
        title = "{Galaxies and galactic structure}",
         year = "1998",
       adsurl = {https://ui.adsabs.harvard.edu/abs/1998ggs..book.....E},
      adsnote = {Provided by the SAO/NASA Astrophysics Data System}
}


@ARTICLE{Croom2009,
       author = {{Croom}, Scott M. and {Richards}, Gordon T. and {Shanks}, Tom and
         {Boyle}, Brian J. and {Strauss}, Michael A. and {Myers}, Adam D. and
         {Nichol}, Robert C. and {Pimbblet}, Kevin A. and {Ross}, Nicholas P. and
         {Schneider}, Donald P. and {Sharp}, Robert G. and {Wake}, David A.},
        title = "{The 2dF-SDSS LRG and QSO survey: the QSO luminosity function at 0.4 \&lt; z \&lt; 2.6}",
      journal = {\mnras},
     keywords = {galaxies: active, quasars: general, galaxies: Seyfert, Astrophysics - Cosmology and Nongalactic Astrophysics},
         year = "2009",
        month = "Nov",
       volume = {399},
       number = {4},
        pages = {1755-1772},
          doi = {10.1111/j.1365-2966.2009.15398.x},
archivePrefix = {arXiv},
       eprint = {0907.2727},
 primaryClass = {astro-ph.CO},
       adsurl = {https://ui.adsabs.harvard.edu/abs/2009MNRAS.399.1755C},
      adsnote = {Provided by the SAO/NASA Astrophysics Data System}
}

@ARTICLE{Wisotzki2000,
       author = {{Wisotzki}, Lutz},
        title = "{Quasar spectra and the K correction}",
      journal = {\aap},
     keywords = {GALAXIES: QUASARS: GENERAL, GALAXIES: SEYFERT, GALAXIES: EVOLUTION, COSMOLOGY: OBSERVATIONS},
         year = "2000",
        month = "Jan",
       volume = {353},
        pages = {861-866},
       adsurl = {https://ui.adsabs.harvard.edu/abs/2000A&A...353..861W},
      adsnote = {Provided by the SAO/NASA Astrophysics Data System}
}



@ARTICLE{Richstone1980,
       author = {{Richstone}, D.~O. and {Schmidt}, M.},
        title = "{The spectral properties of a large sample of quasars.}",
      journal = {\apj},
     keywords = {Quasars, Stellar Spectra, Stellar Spectrophotometry, Continuous Spectra, Emission Spectra, Red Shift, Spectral Line Width, Astrophysics},
         year = "1980",
        month = "Jan",
       volume = {235},
        pages = {361-376},
          doi = {10.1086/157640},
       adsurl = {https://ui.adsabs.harvard.edu/abs/1980ApJ...235..361R},
      adsnote = {Provided by the SAO/NASA Astrophysics Data System}
}


@ARTICLE{Zandivarez2009,
       author = {{Zandivarez}, A. and {Mart{\'\i}nez}, H.~J.},
        title = "{Using the large scale quasar clustering to constrain flat quintessential universes}",
      journal = {\aap},
     keywords = {cosmological parameters, cosmology: observations, large-scale structure of Universe, quasars: general, Astrophysics - Cosmology and Nongalactic Astrophysics},
         year = "2009",
        month = "May",
       volume = {498},
       number = {2},
        pages = {347-355},
          doi = {10.1051/0004-6361/200811360},
archivePrefix = {arXiv},
       eprint = {0902.2491},
 primaryClass = {astro-ph.CO},
       adsurl = {https://ui.adsabs.harvard.edu/abs/2009A&A...498..347Z},
      adsnote = {Provided by the SAO/NASA Astrophysics Data System}
}
@ARTICLE{Lynden-Bell1971,
   author = {{Lynden-Bell}, D.},
    title = "{A method of allowing for known observational selection in small samples applied to 3CR quasars}",
  journal = {\mnras},
     year = 1971,
   volume = 155,
    pages = {95},
      doi = {10.1093/mnras/155.1.95},
   adsurl = {http://adsabs.harvard.edu/abs/1971MNRAS.155...95L},
  adsnote = {Provided by the SAO/NASA Astrophysics Data System}
}



@ARTICLE{Willmer1997,
       author = {{Willmer}, C.~N.~A.},
        title = "{Estimating galaxy luminosity functions.}",
      journal = {\aj},
     keywords = {GALAXIES: LUMINOSITY FUNCTION, Astrophysics},
         year = "1997",
        month = "Sep",
       volume = {114},
        pages = {898-912},
          doi = {10.1086/118522},
archivePrefix = {arXiv},
       eprint = {astro-ph/9707246},
 primaryClass = {astro-ph},
       adsurl = {https://ui.adsabs.harvard.edu/abs/1997AJ....114..898W},
      adsnote = {Provided by the SAO/NASA Astrophysics Data System}
}

@ARTICLE{Binggeli1988,
   author = {{Binggeli}, B. and {Sandage}, A. and {Tammann}, G.~A.},
    title = "{The luminosity function of galaxies}",
  journal = {\araa},
 keywords = {Cosmology, Galactic Radiation, Galaxies, Luminosity, Probability Distribution Functions, Computational Astrophysics, Galactic Clusters, Magnitude, Maximum Likelihood Estimates, Red Shift},
     year = 1988,
   volume = 26,
    pages = {509-560},
      doi = {10.1146/annurev.aa.26.090188.002453},
   adsurl = {http://adsabs.harvard.edu/abs/1988ARA%26A..26..509B},
  adsnote = {Provided by the SAO/NASA Astrophysics Data System}
}



@article{Wyder2007,
	doi = {10.1086/521402},
	url = {https://doi.org/10.1086%2F521402},
	year = 2007,
	month = {dec},
	publisher = {{IOP} Publishing},
	volume = {173},
	number = {2},
	pages = {293--314},
	author = {Ted K. Wyder and D. Christopher Martin and David Schiminovich and Mark Seibert and Tamas Budavari and Marie A. Treyer and Tom A. Barlow and Karl Forster and Peter G. Friedman and Patrick Morrissey and Susan G. Neff and Todd Small and Luciana Bianchi and Jose Donas and Timothy M. Heckman and Young-Wook Lee and Barry F. Madore and Bruno Milliard and R. Michael Rich and Alex S. Szalay and Barry Y. Welsh and Sukyoung K. Yi},
	title = {The {UV}-Optical Galaxy Color-Magnitude Diagram. I. Basic Properties},
	journal = {The Astrophysical Journal Supplement Series},
	abstract = {We have analyzed the bivariate distribution of galaxies as a function of ultraviolet-optical colors and absolute magnitudes in the local universe. The sample consists of galaxies with redshifts and optical photometry from the Sloan Digital Sky Survey (SDSS) main galaxy sample matched with detections in the near-ultraviolet (NUV) and far-ultraviolet (FUV) bands in the Medium Imaging Survey being carried out by the Galaxy Evolution Explorer (GALEX) satellite. In the (NUV  − r)0.1 versus Mr,0.1 galaxy color-magnitude diagram, the galaxies separate into two well-defined blue and red sequences. The (NUV  − r)0.1 color distribution at each Mr,0.1 is not well fit by the sum of two Gaussians due to an excess of galaxies in between the two sequences. The peaks of both sequences become redder with increasing luminosity, with a distinct blue peak visible up to Mr,0.1 ∼  − 23. The r0.1-band luminosity functions vary systematically with color, with the faint-end slope and characteristic luminosity gradually increasing with color. After correcting for attenuation due to dust, we find that approximately one-quarter of the color variation along the blue sequence is due to dust, with the remainder due to star formation history and metallicity. Finally, we present the distribution of galaxies as a function of specific star formation rate and stellar mass. The specific star formation rates imply that galaxies along the blue sequence progress from low-mass galaxies with star formation rates that increase somewhat with time to more massive galaxies with a more or less constant star formation rate. Above a stellar mass of ~1010.5 M☉, galaxies with low ratios of current to past averaged star formation rate begin to dominate.}
}
@ARTICLE{Faber2007,
   author = {{Faber}, S.~M. and {Willmer}, C.~N.~A. and {Wolf}, C. and {Koo}, D.~C. and 
	{Weiner}, B.~J. and {Newman}, J.~A. and {Im}, M. and {Coil}, A.~L. and 
	{Conroy}, C. and {Cooper}, M.~C. and {Davis}, M. and {Finkbeiner}, D.~P. and 
	{Gerke}, B.~F. and {Gebhardt}, K. and {Groth}, E.~J. and {Guhathakurta}, P. and 
	{Harker}, J. and {Kaiser}, N. and {Kassin}, S. and {Kleinheinrich}, M. and 
	{Konidaris}, N.~P. and {Kron}, R.~G. and {Lin}, L. and {Luppino}, G. and 
	{Madgwick}, D.~S. and {Meisenheimer}, K. and {Noeske}, K.~G. and 
	{Phillips}, A.~C. and {Sarajedini}, V.~L. and {Schiavon}, R.~P. and 
	{Simard}, L. and {Szalay}, A.~S. and {Vogt}, N.~P. and {Yan}, R.
	},
    title = "{Galaxy Luminosity Functions to z\~{}1 from DEEP2 and COMBO-17: Implications for Red Galaxy Formation}",
  journal = {\apj},
   eprint = {astro-ph/0506044},
 keywords = {Galaxies: Distances and Redshifts, Galaxies: Evolution, Galaxies: Luminosity Function, Mass Function},
     year = 2007,
    month = aug,
   volume = 665,
    pages = {265-294},
      doi = {10.1086/519294},
   adsurl = {http://adsabs.harvard.edu/abs/2007ApJ...665..265F},
  adsnote = {Provided by the SAO/NASA Astrophysics Data System}
}



@ARTICLE{Shimasaku2001,
   author = {{Shimasaku}, K. and {Fukugita}, M. and {Doi}, M. and {Hamabe}, M. and 
	{Ichikawa}, T. and {Okamura}, S. and {Sekiguchi}, M. and {Yasuda}, N. and 
	{Brinkmann}, J. and {Csabai}, I. and {Ichikawa}, S.-I. and {Ivezi{\'c}}, Z. and 
	{Kunszt}, P.~Z. and {Schneider}, D.~P. and {Szokoly}, G.~P. and 
	{Watanabe}, M. and {York}, D.~G.},
    title = "{Statistical Properties of Bright Galaxies in the Sloan Digital Sky Survey Photometric System}",
  journal = {\aj},
   eprint = {astro-ph/0105401},
 keywords = {Galaxies: Fundamental Parameters, Galaxies: Photometry},
     year = 2001,
    month = sep,
   volume = 122,
    pages = {1238-1250},
      doi = {10.1086/322094},
   adsurl = {http://adsabs.harvard.edu/abs/2001AJ....122.1238S},
  adsnote = {Provided by the SAO/NASA Astrophysics Data System}
}

@ARTICLE{Strateva2001,
   author = {{Strateva}, I. and {Ivezi{\'c}}, {\v Z}. and {Knapp}, G.~R. and 
	{Narayanan}, V.~K. and {Strauss}, M.~A. and {Gunn}, J.~E. and 
	{Lupton}, R.~H. and {Schlegel}, D. and {Bahcall}, N.~A. and 
	{Brinkmann}, J. and {Brunner}, R.~J. and {Budav{\'a}ri}, T. and 
	{Csabai}, I. and {Castander}, F.~J. and {Doi}, M. and {Fukugita}, M. and 
	{Gy{\H o}ry}, Z. and {Hamabe}, M. and {Hennessy}, G. and {Ichikawa}, T. and 
	{Kunszt}, P.~Z. and {Lamb}, D.~Q. and {McKay}, T.~A. and {Okamura}, S. and 
	{Racusin}, J. and {Sekiguchi}, M. and {Schneider}, D.~P. and 
	{Shimasaku}, K. and {York}, D.},
    title = "{Color Separation of Galaxy Types in the Sloan Digital Sky Survey Imaging Data}",
  journal = {\aj},
   eprint = {astro-ph/0107201},
 keywords = {Galaxies: Fundamental Parameters},
     year = 2001,
    month = oct,
   volume = 122,
    pages = {1861-1874},
      doi = {10.1086/323301},
   adsurl = {http://adsabs.harvard.edu/abs/2001AJ....122.1861S},
  adsnote = {Provided by the SAO/NASA Astrophysics Data System}
}

@ARTICLE{Abazajian2009,
   author = {{Abazajian}, K.~N. and {Adelman-McCarthy}, J.~K. and {Ag{\"u}eros}, M.~A. and 
	{Allam}, S.~S. and {Allende Prieto}, C. and {An}, D. and {Anderson}, K.~S.~J. and 
	{Anderson}, S.~F. and {Annis}, J. and {Bahcall}, N.~A. and et al.},
    title = "{The Seventh Data Release of the Sloan Digital Sky Survey}",
  journal = {\apjs},
archivePrefix = "arXiv",
   eprint = {0812.0649},
 keywords = {atlases, catalogs, surveys},
     year = 2009,
    month = jun,
   volume = 182,
    pages = {543-558},
      doi = {10.1088/0067-0049/182/2/543},
   adsurl = {http://adsabs.harvard.edu/abs/2009ApJS..182..543A},
  adsnote = {Provided by the SAO/NASA Astrophysics Data System}
}

@ARTICLE{SDSS,
   author = {{York}, D.~G. and {Adelman}, J. and {Anderson}, Jr., J.~E. and 
	{Anderson}, S.~F. and {Annis}, J. and {Bahcall}, N.~A. and {Bakken}, J.~A. and 
	{Barkhouser}, R. and {Bastian}, S. and {Berman}, E. and {Boroski}, W.~N. and 
	{Bracker}, S. and {Briegel}, C. and {Briggs}, J.~W. and {Brinkmann}, J. and 
	{Brunner}, R. and {Burles}, S. and {Carey}, L. and {Carr}, M.~A. and 
	{Castander}, F.~J. and {Chen}, B. and {Colestock}, P.~L. and 
	{Connolly}, A.~J. and {Crocker}, J.~H. and {Csabai}, I. and 
	{Czarapata}, P.~C. and {Davis}, J.~E. and {Doi}, M. and {Dombeck}, T. and 
	{Eisenstein}, D. and {Ellman}, N. and {Elms}, B.~R. and {Evans}, M.~L. and 
	{Fan}, X. and {Federwitz}, G.~R. and {Fiscelli}, L. and {Friedman}, S. and 
	{Frieman}, J.~A. and {Fukugita}, M. and {Gillespie}, B. and 
	{Gunn}, J.~E. and {Gurbani}, V.~K. and {de Haas}, E. and {Haldeman}, M. and 
	{Harris}, F.~H. and {Hayes}, J. and {Heckman}, T.~M. and {Hennessy}, G.~S. and 
	{Hindsley}, R.~B. and {Holm}, S. and {Holmgren}, D.~J. and {Huang}, C.-h. and 
	{Hull}, C. and {Husby}, D. and {Ichikawa}, S.-I. and {Ichikawa}, T. and 
	{Ivezi{\'c}}, {\v Z}. and {Kent}, S. and {Kim}, R.~S.~J. and 
	{Kinney}, E. and {Klaene}, M. and {Kleinman}, A.~N. and {Kleinman}, S. and 
	{Knapp}, G.~R. and {Korienek}, J. and {Kron}, R.~G. and {Kunszt}, P.~Z. and 
	{Lamb}, D.~Q. and {Lee}, B. and {Leger}, R.~F. and {Limmongkol}, S. and 
	{Lindenmeyer}, C. and {Long}, D.~C. and {Loomis}, C. and {Loveday}, J. and 
	{Lucinio}, R. and {Lupton}, R.~H. and {MacKinnon}, B. and {Mannery}, E.~J. and 
	{Mantsch}, P.~M. and {Margon}, B. and {McGehee}, P. and {McKay}, T.~A. and 
	{Meiksin}, A. and {Merelli}, A. and {Monet}, D.~G. and {Munn}, J.~A. and 
	{Narayanan}, V.~K. and {Nash}, T. and {Neilsen}, E. and {Neswold}, R. and 
	{Newberg}, H.~J. and {Nichol}, R.~C. and {Nicinski}, T. and 
	{Nonino}, M. and {Okada}, N. and {Okamura}, S. and {Ostriker}, J.~P. and 
	{Owen}, R. and {Pauls}, A.~G. and {Peoples}, J. and {Peterson}, R.~L. and 
	{Petravick}, D. and {Pier}, J.~R. and {Pope}, A. and {Pordes}, R. and 
	{Prosapio}, A. and {Rechenmacher}, R. and {Quinn}, T.~R. and 
	{Richards}, G.~T. and {Richmond}, M.~W. and {Rivetta}, C.~H. and 
	{Rockosi}, C.~M. and {Ruthmansdorfer}, K. and {Sandford}, D. and 
	{Schlegel}, D.~J. and {Schneider}, D.~P. and {Sekiguchi}, M. and 
	{Sergey}, G. and {Shimasaku}, K. and {Siegmund}, W.~A. and {Smee}, S. and 
	{Smith}, J.~A. and {Snedden}, S. and {Stone}, R. and {Stoughton}, C. and 
	{Strauss}, M.~A. and {Stubbs}, C. and {SubbaRao}, M. and {Szalay}, A.~S. and 
	{Szapudi}, I. and {Szokoly}, G.~P. and {Thakar}, A.~R. and {Tremonti}, C. and 
	{Tucker}, D.~L. and {Uomoto}, A. and {Vanden Berk}, D. and {Vogeley}, M.~S. and 
	{Waddell}, P. and {Wang}, S.-i. and {Watanabe}, M. and {Weinberg}, D.~H. and 
	{Yanny}, B. and {Yasuda}, N. and {SDSS Collaboration}},
    title = "{The Sloan Digital Sky Survey: Technical Summary}",
  journal = {\aj},
   eprint = {astro-ph/0006396},
 keywords = {Cosmology: Observations, Instrumentation: Miscellaneous},
     year = 2000,
    month = sep,
   volume = 120,
    pages = {1579-1587},
      doi = {10.1086/301513},
   adsurl = {http://adsabs.harvard.edu/abs/2000AJ....120.1579Y},
  adsnote = {Provided by the SAO/NASA Astrophysics Data System}
}



@ARTICLE{Freeman1970,
   author = {{Freeman}, K.~C.},
    title = "{On the Disks of Spiral and S0 Galaxies}",
  journal = {\apj},
     year = 1970,
    month = jun,
   volume = 160,
    pages = {811},
      doi = {10.1086/150474},
   adsurl = {http://adsabs.harvard.edu/abs/1970ApJ...160..811F},
  adsnote = {Provided by the SAO/NASA Astrophysics Data System}
}
@ARTICLE{Shen2003,
   author = {{Shen}, S. and {Mo}, H.~J. and {White}, S.~D.~M. and {Blanton}, M.~R. and 
	{Kauffmann}, G. and {Voges}, W. and {Brinkmann}, J. and {Csabai}, I.
	},
    title = "{The size distribution of galaxies in the Sloan Digital Sky Survey}",
  journal = {\mnras},
   eprint = {astro-ph/0301527},
 keywords = {galaxies: formation, galaxies: fundamental parameters, galaxies: statistics, galaxies: structure},
     year = 2003,
    month = aug,
   volume = 343,
    pages = {978-994},
      doi = {10.1046/j.1365-8711.2003.06740.x},
   adsurl = {http://adsabs.harvard.edu/abs/2003MNRAS.343..978S},
  adsnote = {Provided by the SAO/NASA Astrophysics Data System}
}

@BOOK{Schneider,
       author = {{Schneider}, Peter},
        title = "{Extragalactic Astronomy and Cosmology}",
         year = "2006",
       adsurl = {https://ui.adsabs.harvard.edu/abs/2006eac..book.....S},
      adsnote = {Provided by the SAO/NASA Astrophysics Data System}
}
@ARTICLE{Strateva2001,
       author = {{Strateva}, Iskra and {Ivezi{\'c}}, {\v{Z}}eljko and
         {Knapp}, Gillian R. and {Narayanan}, Vijay K. and
         {Strauss}, Michael A. and {Gunn}, James E. and {Lupton}, Robert H. and
         {Schlegel}, David and {Bahcall}, Neta A. and {Brinkmann}, Jon and
         {Brunner}, Robert J. and {Budav{\'a}ri}, Tam{\'a}s and
         {Csabai}, Istv{\'a}n and {Castander}, Francisco Javier and
         {Doi}, Mamoru and {Fukugita}, Masataka and {Gy{\H{o}}ry}, Zsuzsanna and
         {Hamabe}, Masaru and {Hennessy}, Greg and {Ichikawa}, Takashi and
         {Kunszt}, Peter Z. and {Lamb}, Don Q. and {McKay}, Timothy A. and
         {Okamura}, Sadanori and {Racusin}, Judith and {Sekiguchi}, Maki and
         {Schneider}, Donald P. and {Shimasaku}, Kazuhiro and {York}, Donald},
        title = "{Color Separation of Galaxy Types in the Sloan Digital Sky Survey Imaging Data}",
      journal = {\aj},
     keywords = {Galaxies: Fundamental Parameters, Astrophysics},
         year = "2001",
        month = "Oct",
       volume = {122},
        pages = {1861-1874},
          doi = {10.1086/323301},
archivePrefix = {arXiv},
       eprint = {astro-ph/0107201},
 primaryClass = {astro-ph},
       adsurl = {https://ui.adsabs.harvard.edu/abs/2001AJ....122.1861S},
      adsnote = {Provided by the SAO/NASA Astrophysics Data System}
}
@ARTICLE{Hubble1926,
   author = {{Hubble}, E.~P.},
    title = "{Extragalactic nebulae.}",
  journal = {\apj},
     year = 1926,
    month = dec,
   volume = 64,
      doi = {10.1086/143018},
   adsurl = {http://adsabs.harvard.edu/abs/1926ApJ....64..321H},
  adsnote = {Provided by the SAO/NASA Astrophysics Data System}
}

@ARTICLE{SDSS,
       author = {{Stoughton}, Chris and {Lupton}, Robert H. and {Bernardi}, Mariangela and
         {Blanton}, Michael R. and {Burles}, Scott and {Castand
        er}, Francisco J. and {Connolly}, A.~J. and {Eisenstein}, Daniel J. and
         {Frieman}, Joshua A. and {Hennessy}, G.~S. and {Hindsley}, Robert B. and
         {Ivezi{\'c}}, {\v{Z}}eljko and {Kent}, Stephen and {Kunszt}, Peter Z. and
         {Lee}, Brian C. and {Meiksin}, Avery and {Munn}, Jeffrey A. and
         {Newberg}, Heidi Jo and {Nichol}, R.~C. and {Nicinski}, Tom and
         {Pier}, Jeffrey R. and {Richards}, Gordon T. and
         {Richmond}, Michael W. and {Schlegel}, David J. and {Smith}, J. Allyn and
         {Strauss}, Michael A. and {SubbaRao}, Mark and {Szalay}, Alexander S. and
         {Thakar}, Aniruddha R. and {Tucker}, Douglas L. and {Vand
        en Berk}, Daniel E. and {Yanny}, Brian and {Adelman}, Jennifer K. and
         {Anderson}, John E., Jr. and {Anderson}, Scott F. and {Annis}, James and
         {Bahcall}, Neta A. and {Bakken}, J.~A. and {Bartelmann}, Matthias and
         {Bastian}, Steven and {Bauer}, Amanda and {Berman}, Eileen and
         {B{\"o}hringer}, Hans and {Boroski}, William N. and {Bracker}, Steve and
         {Briegel}, Charlie and {Briggs}, John W. and {Brinkmann}, J. and
         {Brunner}, Robert and {Carey}, Larry and {Carr}, Michael A. and
         {Chen}, Bing and {Christian}, Damian and {Colestock}, Patrick L. and
         {Crocker}, J.~H. and {Csabai}, Istv{\'a}n and {Czarapata}, Paul C. and
         {Dalcanton}, Julianne and {Davidsen}, Arthur F. and {Davis}, John Eric and
         {Dehnen}, Walter and {Dodelson}, Scott and {Doi}, Mamoru and
         {Dombeck}, Tom and {Donahue}, Megan and {Ellman}, Nancy and
         {Elms}, Brian R. and {Evans}, Michael L. and {Eyer}, Laurent and
         {Fan}, Xiaohui and {Federwitz}, Glenn R. and {Friedman}, Scott and
         {Fukugita}, Masataka and {Gal}, Roy and {Gillespie}, Bruce and
         {Glazebrook}, Karl and {Gray}, Jim and {Grebel}, Eva K. and
         {Greenawalt}, Bruce and {Greene}, Gretchen and {Gunn}, James E. and
         {de Haas}, Ernst and {Haiman}, Zolt{\'a}n and {Haldeman}, Merle and
         {Hall}, Patrick B. and {Hamabe}, Masaru and {Hansen}, Brad and
         {Harris}, Frederick H. and {Harris}, Hugh and {Harvanek}, Michael and
         {Hawley}, Suzanne L. and {Hayes}, J.~J.~E. and {Heckman}, Timothy M. and
         {Helmi}, Amina and {Henden}, Arne and {Hogan}, Craig J. and
         {Hogg}, David W. and {Holmgren}, Donald J. and {Holtzman}, Jon and
         {Huang}, Chih-Hao and {Hull}, Charles and {Ichikawa}, Shin-Ichi and
         {Ichikawa}, Takashi and {Johnston}, David E. and
         {Kauffmann}, Guinevere and {Kim}, Rita S.~J. and {Kimball}, Tim and
         {Kinney}, E. and {Klaene}, Mark and {Kleinman}, S.~J. and
         {Klypin}, Anatoly and {Knapp}, G.~R. and {Korienek}, John and
         {Krolik}, Julian and {Kron}, Richard G. and {Krzesi{\'n}ski}, Jurek and
         {Lamb}, D.~Q. and {Leger}, R. French and {Limmongkol}, Siriluk and
         {Lindenmeyer}, Carl and {Long}, Daniel C. and {Loomis}, Craig and
         {Loveday}, Jon and {MacKinnon}, Bryan and {Mannery}, Edward J. and
         {Mantsch}, P.~M. and {Margon}, Bruce and {McGehee}, Peregrine and
         {McKay}, Timothy A. and {McLean}, Brian and {Menou}, Kristen and
         {Merelli}, Aronne and {Mo}, H.~J. and {Monet}, David G. and
         {Nakamura}, Osamu and {Narayanan}, Vijay K. and {Nash}, Thomas and
         {Neilsen}, Eric H., Jr. and {Newman}, Peter R. and {Nitta}, Atsuko and
         {Odenkirchen}, Michael and {Okada}, Norio and {Okamura}, Sadanori and
         {Ostriker}, Jeremiah P. and {Owen}, Russell and {Pauls}, A. George and
         {Peoples}, John and {Peterson}, R.~S. and {Petravick}, Donald and
         {Pope}, Adrian and {Pordes}, Ruth and {Postman}, Marc and
         {Prosapio}, Angela and {Quinn}, Thomas R. and {Rechenmacher}, Ron and
         {Rivetta}, Claudio H. and {Rix}, Hans-Walter and
         {Rockosi}, Constance M. and {Rosner}, Robert and
         {Ruthmansdorfer}, Kurt and {Sandford}, Dale and {Schneider}, Donald P. and
         {Scranton}, Ryan and {Sekiguchi}, Maki and {Sergey}, Gary and
         {Sheth}, Ravi and {Shimasaku}, Kazuhiro and {Smee}, Stephen and
         {Snedden}, Stephanie A. and {Stebbins}, Albert and
         {Stubbs}, Christopher and {Szapudi}, Istv{\'a}n and {Szkody}, Paula and
         {Szokoly}, Gyula P. and {Tabachnik}, Serge and {Tsvetanov}, Zlatan and
         {Uomoto}, Alan and {Vogeley}, Michael S. and {Voges}, Wolfgang and
         {Waddell}, Patrick and {Walterbos}, Ren{\'e} and {Wang}, Shu-i. and
         {Watanabe}, Masaru and {Weinberg}, David H. and {White}, Richard L. and
         {White}, Simon D.~M. and {Wilhite}, Brian and {Wolfe}, David and
         {Yasuda}, Naoki and {York}, Donald G. and {Zehavi}, Idit and
         {Zheng}, Wei},
        title = "{Sloan Digital Sky Survey: Early Data Release}",
      journal = {\aj},
     keywords = {Atlases, Catalogs, Surveys},
         year = "2002",
        month = "Jan",
       volume = {123},
        pages = {485-548},
          doi = {10.1086/324741},
       adsurl = {https://ui.adsabs.harvard.edu/abs/2002AJ....123..485S},
      adsnote = {Provided by the SAO/NASA Astrophysics Data System}
}
@ARTICLE{Petrosian,
   author = {{Petrosian}, V.},
    title = "{Surface brightness and evolution of galaxies}",
  journal = {\apjl},
 keywords = {Astronomical Models, Galactic Evolution, Luminous Intensity, Red Shift, Surface Properties, Big Bang Cosmology, Cosmology, Hubble Diagram, Iterative Solution, Point Sources},
     year = 1976,
    month = oct,
   volume = 209,
    pages = {L1-L5},
      doi = {10.1086/182253},
   adsurl = {http://adsabs.harvard.edu/abs/1976ApJ...209L...1P},
  adsnote = {Provided by the SAO/NASA Astrophysics Data System}
}

